<?xml version="1.0" encoding="UTF-8"?>
<!DOCTYPE html PUBLIC "-//W3C//DTD XHTML 1.0 Transitional//EN"
    "http://www.w3.org/TR/xhtml1/DTD/xhtml1-transitional.dtd">
<html xmlns="http://www.w3.org/1999/xhtml" xml:lang="en" lang="en">
 <head>
  <title>
</title>
<meta http-equiv="Content-Type" content="text/html;charset=utf-8" />
  <meta name='ocr-system' content='tesseract 3.04.00' />
  <meta name='ocr-capabilities' content='ocr_page ocr_carea ocr_par ocr_line ocrx_word'/>
</head>
<body>
  <div class='ocr_page' id='page_1' title='image "./influenceovidon00guyegoog_0017.png"; bbox 0 0 927 1413; ppageno 0'>
   <div class='ocr_carea' id='block_1_1' title="bbox 211 129 765 152">
    <p class='ocr_par' dir='ltr' id='par_1_1' title="bbox 211 129 765 152">
     <span class='ocr_line' id='line_1_1' title="bbox 211 129 765 152; baseline -0.002 -4"><span class='ocrx_word' id='word_1_1' title='bbox 211 131 247 148; x_wconf 76' lang='lat' dir='ltr'>The</span> <span class='ocrx_word' id='word_1_2' title='bbox 259 131 346 152; x_wconf 78' lang='lat' dir='ltr'>Influence</span> <span class='ocrx_word' id='word_1_3' title='bbox 359 131 379 152; x_wconf 77' lang='lat' dir='ltr'>of</span> <span class='ocrx_word' id='word_1_4' title='bbox 391 130 437 148; x_wconf 79' lang='lat' dir='ltr'>Ovid</span> <span class='ocrx_word' id='word_1_5' title='bbox 450 136 473 148; x_wconf 82' lang='lat' dir='ltr'>on</span> <span class='ocrx_word' id='word_1_6' title='bbox 485 129 561 148; x_wconf 77' lang='lat' dir='ltr'>Crestien</span> <span class='ocrx_word' id='word_1_7' title='bbox 574 130 595 147; x_wconf 80' lang='lat' dir='ltr'>de</span> <span class='ocrx_word' id='word_1_8' title='bbox 608 130 674 151; x_wconf 74' lang='lat' dir='ltr'>Troyes</span> <span class='ocrx_word' id='word_1_9' title='bbox 735 131 765 148; x_wconf 81' lang='lat'>¹05</span> 
     </span>
    </p>
   </div>
   <div class='ocr_carea' id='block_1_2' title="bbox 224 177 764 403">
    <p class='ocr_par' dir='ltr' id='par_1_2' title="bbox 224 177 764 403">
     <span class='ocr_line' id='line_1_2' title="bbox 227 177 660 200; baseline -0.007 -4"><span class='ocrx_word' id='word_1_10' title='bbox 227 179 241 196; x_wconf 90' lang='lat' dir='ltr'><strong>C</strong></span> <span class='ocrx_word' id='word_1_11' title='bbox 262 179 289 196; x_wconf 90' lang='lat' dir='ltr'>Ne</span> <span class='ocrx_word' id='word_1_12' title='bbox 296 181 356 200; x_wconf 74' lang='lat' dir='ltr'>pereat,</span> <span class='ocrx_word' id='word_1_13' title='bbox 364 178 424 195; x_wconf 76' lang='lat' dir='ltr'>timeo?</span> <span class='ocrx_word' id='word_1_14' title='bbox 431 183 473 199; x_wconf 91' lang='lat' dir='ltr'>quae</span> <span class='ocrx_word' id='word_1_15' title='bbox 481 178 521 194; x_wconf 74' lang='lat' dir='ltr'>tanti</span> <span class='ocrx_word' id='word_1_16' title='bbox 529 183 578 194; x_wconf 81' lang='lat' dir='ltr'>causa</span> <span class='ocrx_word' id='word_1_17' title='bbox 585 177 660 194; x_wconf 75' lang='lat' dir='ltr'>timoris?</span> 
     </span>
     <span class='ocr_line' id='line_1_3' title="bbox 224 203 658 225; baseline -0.005 -4"><span class='ocrx_word' id='word_1_18' title='bbox 224 205 240 221; x_wconf 89' lang='lat' dir='ltr'>G</span> <span class='ocrx_word' id='word_1_19' title='bbox 261 204 324 221; x_wconf 80' lang='lat' dir='ltr'>Excute</span> <span class='ocrx_word' id='word_1_20' title='bbox 332 205 406 225; x_wconf 82' lang='lat' dir='ltr'>virgineo</span> <span class='ocrx_word' id='word_1_21' title='bbox 413 207 499 224; x_wconf 73' lang='lat' dir='ltr'>conceptas</span> <span class='ocrx_word' id='word_1_22' title='bbox 507 206 572 224; x_wconf 79' lang='lat' dir='ltr'>pectore</span> <span class='ocrx_word' id='word_1_23' title='bbox 579 203 658 222; x_wconf 77' lang='lat' dir='ltr'>flammas,</span> 
     </span>
     <span class='ocr_line' id='line_1_4' title="bbox 233 229 638 251; baseline -0.005 -5"><span class='ocrx_word' id='word_1_24' title='bbox 233 230 241 246; x_wconf 93' lang='lat'>1</span> <span class='ocrx_word' id='word_1_25' title='bbox 264 230 281 247; x_wconf 90' lang='lat' dir='ltr'>Si</span> <span class='ocrx_word' id='word_1_26' title='bbox 289 233 340 251; x_wconf 59' lang='lat' dir='ltr'>potes,</span> <span class='ocrx_word' id='word_1_27' title='bbox 348 229 412 246; x_wconf 64' lang='lat' dir='ltr'>infelix.</span> <span class='ocrx_word' id='word_1_28' title='bbox 420 230 433 246; x_wconf 86' lang='lat' dir='ltr'>si</span> <span class='ocrx_word' id='word_1_29' title='bbox 441 234 510 250; x_wconf 80' lang='lat' dir='ltr'>possem,</span> <span class='ocrx_word' id='word_1_30' title='bbox 519 229 573 246; x_wconf 78' lang='lat' dir='ltr'>sanior</span> <span class='ocrx_word' id='word_1_31' title='bbox 581 234 638 245; x_wconf 55' lang='lat' dir='ltr'>essem⁴</span> 
     </span>
     <span class='ocr_line' id='line_1_5' title="bbox 227 254 680 276; baseline -0.004 -4"><span class='ocrx_word' id='word_1_32' title='bbox 227 256 244 272; x_wconf 88' lang='lat' dir='ltr'>H</span> <span class='ocrx_word' id='word_1_33' title='bbox 267 256 300 272; x_wconf 87' lang='lat' dir='ltr'>Sed</span> <span class='ocrx_word' id='word_1_34' title='bbox 306 258 364 276; x_wconf 76' lang='lat' dir='ltr'>gravat</span> <span class='ocrx_word' id='word_1_35' title='bbox 372 255 439 271; x_wconf 79' lang='lat' dir='ltr'>invitam</span> <span class='ocrx_word' id='word_1_36' title='bbox 446 260 489 271; x_wconf 82' lang='lat' dir='ltr'>nova</span> <span class='ocrx_word' id='word_1_37' title='bbox 496 254 526 271; x_wconf 80' lang='lat' dir='ltr'>vis.</span> <span class='ocrx_word' id='word_1_38' title='bbox 533 254 609 275; x_wconf 78' lang='lat' dir='ltr'>aliudque</span> <span class='ocrx_word' id='word_1_39' title='bbox 616 254 680 275; x_wconf 83' lang='lat' dir='ltr'>cupido,</span> 
     </span>
     <span class='ocr_line' id='line_1_6' title="bbox 265 280 659 300; baseline -0.005 -3"><span class='ocrx_word' id='word_1_40' title='bbox 265 281 313 297; x_wconf 84' lang='lat' dir='ltr'>Mens</span> <span class='ocrx_word' id='word_1_41' title='bbox 320 281 365 297; x_wconf 89' lang='lat' dir='ltr'>aliud</span> <span class='ocrx_word' id='word_1_42' title='bbox 372 281 434 297; x_wconf 44' lang='lat' dir='ltr'>suaderi</span> <span class='ocrx_word' id='word_1_43' title='bbox 443 280 491 296; x_wconf 88' lang='lat' dir='ltr'>video</span> <span class='ocrx_word' id='word_1_44' title='bbox 498 280 564 296; x_wconf 79' lang='lat' dir='ltr'>meliora</span> <span class='ocrx_word' id='word_1_45' title='bbox 571 280 659 300; x_wconf 81' lang='lat' dir='ltr'>proboque,</span> 
     </span>
     <span class='ocr_line' id='line_1_7' title="bbox 230 305 685 327; baseline -0.004 -4"><span class='ocrx_word' id='word_1_46' title='bbox 230 307 240 327; x_wconf 94' lang='lat' dir='ltr'>J</span> <span class='ocrx_word' id='word_1_47' title='bbox 262 306 349 323; x_wconf 75' lang='lat' dir='ltr'>Deteriora</span> <span class='ocrx_word' id='word_1_48' title='bbox 358 311 421 327; x_wconf 74' lang='lat' dir='ltr'>sequor.</span> <span class='ocrx_word' id='word_1_49' title='bbox 430 306 469 326; x_wconf 86' lang='lat' dir='ltr'>quid</span> <span class='ocrx_word' id='word_1_50' title='bbox 478 306 495 321; x_wconf 91' lang='lat' dir='ltr'>in</span> <span class='ocrx_word' id='word_1_51' title='bbox 503 305 571 326; x_wconf 78' lang='lat' dir='ltr'>hospite,</span> <span class='ocrx_word' id='word_1_52' title='bbox 581 305 625 326; x_wconf 78' lang='lat' dir='ltr'>reg-ia</span> <span class='ocrx_word' id='word_1_53' title='bbox 634 305 685 326; x_wconf 81' lang='lat' dir='ltr'>virgo,</span> 
     </span>
     <span class='ocr_line' id='line_1_8' title="bbox 265 330 644 351; baseline -0.005 -3"><span class='ocrx_word' id='word_1_54' title='bbox 265 332 328 351; x_wconf 84' lang='lat' dir='ltr'>Ureris,</span> <span class='ocrx_word' id='word_1_55' title='bbox 337 335 353 348; x_wconf 79' lang='lat' dir='ltr'>et</span> <span class='ocrx_word' id='word_1_56' title='bbox 362 332 443 348; x_wconf 76' lang='lat' dir='ltr'>thalamos</span> <span class='ocrx_word' id='word_1_57' title='bbox 452 331 499 347; x_wconf 82' lang='lat' dir='ltr'>alieni</span> <span class='ocrx_word' id='word_1_58' title='bbox 508 331 579 351; x_wconf 81' lang='lat' dir='ltr'>concipis</span> <span class='ocrx_word' id='word_1_59' title='bbox 589 330 644 347; x_wconf 76' lang='lat' dir='ltr'>orbis?</span> 
     </span>
     <span class='ocr_line' id='line_1_9' title="bbox 265 356 764 379; baseline -0.004 -5"><span class='ocrx_word' id='word_1_60' title='bbox 265 358 311 374; x_wconf 77' lang='lat' dir='ltr'>Haec</span> <span class='ocrx_word' id='word_1_61' title='bbox 317 363 381 379; x_wconf 79' lang='lat' dir='ltr'>quoque</span> <span class='ocrx_word' id='word_1_62' title='bbox 387 360 432 374; x_wconf 78' lang='lat' dir='ltr'>terra</span> <span class='ocrx_word' id='word_1_63' title='bbox 438 359 496 378; x_wconf 72' lang='lat' dir='ltr'>potest,</span> <span class='ocrx_word' id='word_1_64' title='bbox 501 357 545 377; x_wconf 82' lang='lat' dir='ltr'>quud</span> <span class='ocrx_word' id='word_1_65' title='bbox 552 362 602 376; x_wconf 70' lang='lat' dir='ltr'>asneS,</span> <span class='ocrx_word' id='word_1_66' title='bbox 607 357 651 372; x_wconf 63' lang='lat' dir='ltr'>dare⁴</span> <span class='ocrx_word' id='word_1_67' title='bbox 656 356 706 375; x_wconf 72' lang='lat' dir='ltr'>vivat,</span> <span class='ocrx_word' id='word_1_68' title='bbox 711 361 732 372; x_wconf 92' lang='lat' dir='ltr'>an</span> <span class='ocrx_word' id='word_1_69' title='bbox 739 356 764 372; x_wconf 89' lang='lat' dir='ltr'>ille</span> 
     </span>
     <span class='ocr_line' id='line_1_10' title="bbox 228 383 432 403; baseline 0 -4"><span class='ocrx_word' id='word_1_70' title='bbox 228 384 242 399; x_wconf 89' lang='lat' dir='ltr'>B</span> <span class='ocrx_word' id='word_1_71' title='bbox 264 383 337 403; x_wconf 78' lang='lat' dir='ltr'>Occidat,</span> <span class='ocrx_word' id='word_1_72' title='bbox 345 383 362 399; x_wconf 87' lang='lat' dir='ltr'>in</span> <span class='ocrx_word' id='word_1_73' title='bbox 370 383 395 399; x_wconf 83' lang='lat' dir='ltr'>dis</span> <span class='ocrx_word' id='word_1_74' title='bbox 403 385 432 399; x_wconf 80' lang='lat' dir='ltr'>est.</span> 
     </span>
    </p>
   </div>
   <div class='ocr_carea' id='block_1_3' title="bbox 265 435 698 507">
    <p class='ocr_par' dir='ltr' id='par_1_3' title="bbox 265 435 698 507">
     <span class='ocr_line' id='line_1_11' title="bbox 267 435 698 456; baseline 0 -5"><span class='ocrx_word' id='word_1_75' title='bbox 267 435 335 456; x_wconf 79' lang='lat' dir='ltr'>(Quem,</span> <span class='ocrx_word' id='word_1_76' title='bbox 343 435 375 452; x_wconf 79' lang='lat' dir='ltr'>nisi</span> <span class='ocrx_word' id='word_1_77' title='bbox 382 435 469 454; x_wconf 83' lang='lat' dir='ltr'>crudelem,</span> <span class='ocrx_word' id='word_1_78' title='bbox 476 441 510 452; x_wconf 81' lang='lat' dir='ltr'>non</span> <span class='ocrx_word' id='word_1_79' title='bbox 517 438 573 456; x_wconf 71' lang='lat' dir='ltr'>tangat</span> <span class='ocrx_word' id='word_1_80' title='bbox 582 435 645 452; x_wconf 79' lang='lat' dir='ltr'>Iasonis</span> <span class='ocrx_word' id='word_1_81' title='bbox 653 438 698 452; x_wconf 77' lang='lat' dir='ltr'>aetas</span> 
     </span>
     <span class='ocr_line' id='line_1_12' title="bbox 265 461 692 482; baseline 0 -5"><span class='ocrx_word' id='word_1_82' title='bbox 265 461 287 477; x_wconf 87' lang='lat' dir='ltr'>Et</span> <span class='ocrx_word' id='word_1_83' title='bbox 294 466 345 482; x_wconf 73' lang='lat' dir='ltr'>gmus</span> <span class='ocrx_word' id='word_1_84' title='bbox 353 464 369 477; x_wconf 86' lang='lat' dir='ltr'>et</span> <span class='ocrx_word' id='word_1_85' title='bbox 376 461 440 477; x_wconf 83' lang='lat' dir='ltr'>virtus?</span> <span class='ocrx_word' id='word_1_86' title='bbox 446 466 495 482; x_wconf 84' lang='lat' dir='ltr'>quem</span> <span class='ocrx_word' id='word_1_87' title='bbox 502 466 540 480; x_wconf 82' lang='lat' dir='ltr'>non,</span> <span class='ocrx_word' id='word_1_88' title='bbox 547 464 565 477; x_wconf 85' lang='lat' dir='ltr'>ut</span> <span class='ocrx_word' id='word_1_89' title='bbox 572 464 626 477; x_wconf 73' lang='lat' dir='ltr'>cetera</span> <span class='ocrx_word' id='word_1_90' title='bbox 634 461 692 480; x_wconf 79' lang='lat' dir='ltr'>desint,</span> 
     </span>
     <span class='ocr_line' id='line_1_13' title="bbox 265 486 682 507; baseline 0 -4"><span class='ocrx_word' id='word_1_91' title='bbox 265 486 299 503; x_wconf 83' lang='lat' dir='ltr'>Ore</span> <span class='ocrx_word' id='word_1_92' title='bbox 307 492 372 503; x_wconf 82' lang='lat' dir='ltr'>movere</span> <span class='ocrx_word' id='word_1_93' title='bbox 379 486 444 507; x_wconf 55' lang='lat' dir='ltr'>postest?</span> <span class='ocrx_word' id='word_1_94' title='bbox 451 489 495 503; x_wconf 76' lang='lat' dir='ltr'>certe</span> <span class='ocrx_word' id='word_1_95' title='bbox 501 492 537 503; x_wconf 88' lang='lat' dir='ltr'>mea</span> <span class='ocrx_word' id='word_1_96' title='bbox 544 490 610 507; x_wconf 76' lang='lat' dir='ltr'>pectora</span> <span class='ocrx_word' id='word_1_97' title='bbox 617 486 682 507; x_wconf 73' lang='lat' dir='ltr'>movit.)</span> 
     </span>
    </p>
   </div>
   <div class='ocr_carea' id='block_1_4' title="bbox 227 538 674 585">
    <p class='ocr_par' dir='ltr' id='par_1_4' title="bbox 227 538 674 585">
     <span class='ocr_line' id='line_1_14' title="bbox 402 538 616 558; baseline 0 -3"><span class='ocrx_word' id='word_1_98' title='bbox 402 539 430 555; x_wconf 81' lang='lat' dir='ltr'>sed</span> <span class='ocrx_word' id='word_1_99' title='bbox 437 544 470 555; x_wconf 82' lang='lat' dir='ltr'>non</span> <span class='ocrx_word' id='word_1_100' title='bbox 477 538 490 555; x_wconf 80' lang='lat' dir='ltr'>is</span> <span class='ocrx_word' id='word_1_101' title='bbox 497 539 552 555; x_wconf 84' lang='lat' dir='ltr'>vultus</span> <span class='ocrx_word' id='word_1_102' title='bbox 560 539 576 555; x_wconf 86' lang='lat' dir='ltr'>in</span> <span class='ocrx_word' id='word_1_103' title='bbox 584 539 616 558; x_wconf 83' lang='lat' dir='ltr'>illo,</span> 
     </span>
     <span class='ocr_line' id='line_1_15' title="bbox 227 564 674 585; baseline 0 -5"><span class='ocrx_word' id='word_1_104' title='bbox 227 564 243 580; x_wconf 89' lang='lat' dir='ltr'>A</span> <span class='ocrx_word' id='word_1_105' title='bbox 265 564 281 580; x_wconf 92' lang='lat' dir='ltr'>N</span> <span class='ocrx_word' id='word_1_106' title='bbox 283 569 304 580; x_wconf 86' lang='lat' dir='ltr'>on</span> <span class='ocrx_word' id='word_1_107' title='bbox 311 570 330 581; x_wconf 85' lang='lat' dir='ltr'>ea</span> <span class='ocrx_word' id='word_1_108' title='bbox 337 564 413 581; x_wconf 73' lang='lat' dir='ltr'>nobilitas</span> <span class='ocrx_word' id='word_1_109' title='bbox 420 564 475 581; x_wconf 74' lang='lat' dir='ltr'>animo</span> <span class='ocrx_word' id='word_1_110' title='bbox 482 567 512 584; x_wconf 72' lang='lat' dir='ltr'>esty</span> <span class='ocrx_word' id='word_1_111' title='bbox 519 570 538 581; x_wconf 53' lang='grc' dir='ltr'><em>Ξ</em></span> <span class='ocrx_word' id='word_1_112' title='bbox 545 565 598 585; x_wconf 84' lang='lat' dir='ltr'>gratia</span> <span class='ocrx_word' id='word_1_113' title='bbox 606 564 674 583; x_wconf 72' lang='lat' dir='ltr'>formae,</span> 
     </span>
    </p>
   </div>
   <div class='ocr_carea' id='block_1_5' title="bbox 226 615 758 662">
    <p class='ocr_par' dir='ltr' id='par_1_5' title="bbox 226 615 758 662">
     <span class='ocr_line' id='line_1_16' title="bbox 266 615 758 637; baseline 0 -5"><span class='ocrx_word' id='word_1_114' title='bbox 266 615 311 636; x_wconf 78' lang='lat' dir='ltr'>Ergo</span> <span class='ocrx_word' id='word_1_115' title='bbox 322 621 352 636; x_wconf 82' lang='lat' dir='ltr'>ego</span> <span class='ocrx_word' id='word_1_116' title='bbox 362 621 457 637; x_wconf 79' lang='lat' dir='ltr'>germanam</span> <span class='ocrx_word' id='word_1_117' title='bbox 469 616 569 637; x_wconf 77' lang='lat' dir='ltr'>fratremque</span> <span class='ocrx_word' id='word_1_118' title='bbox 581 619 675 637; x_wconf 82' lang='lat' dir='ltr'>patremque</span> <span class='ocrx_word' id='word_1_119' title='bbox 687 616 758 637; x_wconf 79' lang='lat' dir='ltr'>deosque</span> 
     </span>
     <span class='ocr_line' id='line_1_17' title="bbox 226 641 653 662; baseline -0.002 -4"><span class='ocrx_word' id='word_1_120' title='bbox 226 641 241 657; x_wconf 90' lang='lat' dir='ltr'>G</span> <span class='ocrx_word' id='word_1_121' title='bbox 262 641 284 657; x_wconf 81' lang='lat' dir='ltr'>Et</span> <span class='ocrx_word' id='word_1_122' title='bbox 293 642 346 658; x_wconf 81' lang='lat' dir='ltr'>natale</span> <span class='ocrx_word' id='word_1_123' title='bbox 355 642 413 661; x_wconf 75' lang='lat' dir='ltr'>solum,</span> <span class='ocrx_word' id='word_1_124' title='bbox 422 642 475 658; x_wconf 75' lang='lat' dir='ltr'>ventis</span> <span class='ocrx_word' id='word_1_125' title='bbox 484 642 542 661; x_wconf 73' lang='lat' dir='ltr'>ablata,</span> <span class='ocrx_word' id='word_1_126' title='bbox 552 641 653 662; x_wconf 81' lang='lat' dir='ltr'>relinquam?</span> 
     </span>
    </p>
   </div>
   <div class='ocr_carea' id='block_1_6' title="bbox 228 694 734 715">
    <p class='ocr_par' dir='ltr' id='par_1_6' title="bbox 228 694 734 715">
     <span class='ocr_line' id='line_1_18' title="bbox 228 694 734 715; baseline 0 -5"><span class='ocrx_word' id='word_1_127' title='bbox 228 694 245 710; x_wconf 88' lang='lat' dir='ltr'>H</span> <span class='ocrx_word' id='word_1_128' title='bbox 268 694 352 710; x_wconf 80' lang='lat' dir='ltr'>Maximus</span> <span class='ocrx_word' id='word_1_129' title='bbox 360 694 403 711; x_wconf 80' lang='lat' dir='ltr'>intra</span> <span class='ocrx_word' id='word_1_130' title='bbox 410 699 436 710; x_wconf 87' lang='lat' dir='ltr'>me</span> <span class='ocrx_word' id='word_1_131' title='bbox 444 694 484 711; x_wconf 84' lang='lat' dir='ltr'>deus</span> <span class='ocrx_word' id='word_1_132' title='bbox 491 697 520 713; x_wconf 82' lang='lat' dir='ltr'>est,</span> <span class='ocrx_word' id='word_1_133' title='bbox 527 699 560 710; x_wconf 84' lang='lat' dir='ltr'>non</span> <span class='ocrx_word' id='word_1_134' title='bbox 569 699 628 715; x_wconf 78' lang='lat' dir='ltr'>magna</span> <span class='ocrx_word' id='word_1_135' title='bbox 636 694 734 715; x_wconf 84' lang='lat' dir='ltr'>relinquam:</span> 
     </span>
    </p>
   </div>
   <div class='ocr_carea' id='block_1_7' title="bbox 226 746 696 818">
    <p class='ocr_par' dir='ltr' id='par_1_7' title="bbox 226 746 696 818">
     <span class='ocr_line' id='line_1_19' title="bbox 266 746 696 767; baseline 0 -4"><span class='ocrx_word' id='word_1_136' title='bbox 266 746 385 767; x_wconf 80' lang='lat' dir='ltr'>Coniugiumne</span> <span class='ocrx_word' id='word_1_137' title='bbox 393 750 446 767; x_wconf 66' lang='lat' dir='ltr'>putaS,</span> <span class='ocrx_word' id='word_1_138' title='bbox 454 747 559 767; x_wconf 74' lang='lat' dir='ltr'>speciosaque</span> <span class='ocrx_word' id='word_1_139' title='bbox 566 747 632 763; x_wconf 80' lang='lat' dir='ltr'>nomina</span> <span class='ocrx_word' id='word_1_140' title='bbox 640 747 696 767; x_wconf 76' lang='lat' dir='ltr'>eulpae</span> 
     </span>
     <span class='ocr_line' id='line_1_20' title="bbox 266 772 668 793; baseline 0 -5"><span class='ocrx_word' id='word_1_141' title='bbox 266 772 338 792; x_wconf 67' lang='lat' dir='ltr'>Inponis,</span> <span class='ocrx_word' id='word_1_142' title='bbox 347 772 412 791; x_wconf 86' lang='lat' dir='ltr'>Medea,</span> <span class='ocrx_word' id='word_1_143' title='bbox 419 772 469 788; x_wconf 74' lang='lat' dir='ltr'>tuae?</span> <span class='ocrx_word' id='word_1_144' title='bbox 475 773 514 793; x_wconf 90' lang='lat' dir='ltr'>quin</span> <span class='ocrx_word' id='word_1_145' title='bbox 522 772 581 792; x_wconf 84' lang='lat' dir='ltr'>aspice,</span> <span class='ocrx_word' id='word_1_146' title='bbox 589 775 668 793; x_wconf 80' lang='lat' dir='ltr'>quantum</span> 
     </span>
     <span class='ocr_line' id='line_1_21' title="bbox 226 797 689 818; baseline 0.002 -5"><span class='ocrx_word' id='word_1_147' title='bbox 226 797 242 813; x_wconf 90' lang='lat' dir='ltr'>G</span> <span class='ocrx_word' id='word_1_148' title='bbox 263 798 364 818; x_wconf 79' lang='lat' dir='ltr'>Aggrediare</span> <span class='ocrx_word' id='word_1_149' title='bbox 371 797 424 817; x_wconf 69' lang='lat' dir='ltr'>nefas,</span> <span class='ocrx_word' id='word_1_150' title='bbox 432 801 448 814; x_wconf 87' lang='lat' dir='ltr'>et</span> <span class='ocrx_word' id='word_1_151' title='bbox 455 798 495 814; x_wconf 86' lang='lat' dir='ltr'>dum</span> <span class='ocrx_word' id='word_1_152' title='bbox 502 797 544 817; x_wconf 78' lang='lat' dir='ltr'>licet,</span> <span class='ocrx_word' id='word_1_153' title='bbox 551 797 606 818; x_wconf 78' lang='lat' dir='ltr'>effuge</span> <span class='ocrx_word' id='word_1_154' title='bbox 612 797 689 814; x_wconf 82' lang='lat' dir='ltr'>crimen.”</span> 
     </span>
    </p>
   </div>
   <div class='ocr_carea' id='block_1_8' title="bbox 119 852 768 903">
    <p class='ocr_par' dir='ltr' id='par_1_8' title="bbox 119 852 768 903">
     <span class='ocr_line' id='line_1_22' title="bbox 120 852 768 875; baseline 0 -5"><span class='ocrx_word' id='word_1_155' title='bbox 120 853 182 870; x_wconf 78' lang='lat' dir='ltr'>Medea</span> <span class='ocrx_word' id='word_1_156' title='bbox 190 858 261 875; x_wconf 78' lang='lat' dir='ltr'>appears</span> <span class='ocrx_word' id='word_1_157' title='bbox 269 853 389 875; x_wconf 75' lang='lat' dir='ltr'>mumentarily</span> <span class='ocrx_word' id='word_1_158' title='bbox 398 856 417 870; x_wconf 82' lang='lat' dir='ltr'>to</span> <span class='ocrx_word' id='word_1_159' title='bbox 424 853 468 870; x_wconf 86' lang='lat' dir='ltr'>have</span> <span class='ocrx_word' id='word_1_160' title='bbox 478 853 573 875; x_wconf 77' lang='lat' dir='ltr'>conquered</span> <span class='ocrx_word' id='word_1_161' title='bbox 582 853 613 870; x_wconf 86' lang='lat' dir='ltr'>her</span> <span class='ocrx_word' id='word_1_162' title='bbox 621 853 690 875; x_wconf 78' lang='lat' dir='ltr'>passion</span> <span class='ocrx_word' id='word_1_163' title='bbox 699 853 729 870; x_wconf 77' lang='lat' dir='ltr'>but</span> <span class='ocrx_word' id='word_1_164' title='bbox 738 852 768 870; x_wconf 85' lang='lat' dir='ltr'>she</span> 
     </span>
     <span class='ocr_line' id='line_1_23' title="bbox 119 880 713 903; baseline 0.002 -6"><span class='ocrx_word' id='word_1_165' title='bbox 119 883 172 897; x_wconf 78' lang='lat' dir='ltr'>meets</span> <span class='ocrx_word' id='word_1_166' title='bbox 180 881 233 903; x_wconf 81' lang='lat' dir='ltr'>Jason</span> <span class='ocrx_word' id='word_1_167' title='bbox 241 886 264 898; x_wconf 90' lang='lat' dir='ltr'>on</span> <span class='ocrx_word' id='word_1_168' title='bbox 272 881 301 898; x_wconf 82' lang='lat' dir='ltr'>the</span> <span class='ocrx_word' id='word_1_169' title='bbox 309 886 355 898; x_wconf 74' lang='lat' dir='ltr'>same</span> <span class='ocrx_word' id='word_1_170' title='bbox 362 881 396 903; x_wconf 86' lang='lat' dir='ltr'>day</span> <span class='ocrx_word' id='word_1_171' title='bbox 404 881 437 898; x_wconf 85' lang='lat' dir='ltr'>and</span> <span class='ocrx_word' id='word_1_172' title='bbox 446 881 477 898; x_wconf 84' lang='lat' dir='ltr'>her</span> <span class='ocrx_word' id='word_1_173' title='bbox 485 880 587 898; x_wconf 76' lang='lat' dir='ltr'>resolutions</span> <span class='ocrx_word' id='word_1_174' title='bbox 595 881 617 898; x_wconf 87' lang='lat' dir='ltr'>do</span> <span class='ocrx_word' id='word_1_175' title='bbox 625 883 655 898; x_wconf 82' lang='lat' dir='ltr'>not</span> <span class='ocrx_word' id='word_1_176' title='bbox 663 880 713 898; x_wconf 72' lang='lat' dir='ltr'>avail.</span> 
     </span>
    </p>
   </div>
   <div class='ocr_carea' id='block_1_9' title="bbox 228 933 658 1005">
    <p class='ocr_par' dir='ltr' id='par_1_9' title="bbox 228 933 658 1005">
     <span class='ocr_line' id='line_1_24' title="bbox 267 933 658 954; baseline 0 -5"><span class='ocrx_word' id='word_1_177' title='bbox 267 933 338 954; x_wconf 66' lang='lat' dir='ltr'>Specxat,</span> <span class='ocrx_word' id='word_1_178' title='bbox 344 936 361 950; x_wconf 83' lang='lat' dir='ltr'>et</span> <span class='ocrx_word' id='word_1_179' title='bbox 369 933 385 949; x_wconf 88' lang='lat' dir='ltr'>in</span> <span class='ocrx_word' id='word_1_180' title='bbox 393 934 438 949; x_wconf 79' lang='lat' dir='ltr'>vultu</span> <span class='ocrx_word' id='word_1_181' title='bbox 446 933 496 949; x_wconf 81' lang='lat' dir='ltr'>veluti</span> <span class='ocrx_word' id='word_1_182' title='bbox 503 936 538 949; x_wconf 89' lang='lat' dir='ltr'>tum</span> <span class='ocrx_word' id='word_1_183' title='bbox 546 933 615 954; x_wconf 83' lang='lat' dir='ltr'>denique</span> <span class='ocrx_word' id='word_1_184' title='bbox 622 933 658 949; x_wconf 86' lang='lat' dir='ltr'>viso</span> 
     </span>
     <span class='ocr_line' id='line_1_25' title="bbox 266 958 651 977; baseline 0.003 -3"><span class='ocrx_word' id='word_1_185' title='bbox 266 959 336 975; x_wconf 86' lang='lat' dir='ltr'>Lumina</span> <span class='ocrx_word' id='word_1_186' title='bbox 344 958 378 975; x_wconf 85' lang='lat' dir='ltr'>fixa</span> <span class='ocrx_word' id='word_1_187' title='bbox 385 961 433 977; x_wconf 76' lang='lat' dir='ltr'>tenet,</span> <span class='ocrx_word' id='word_1_188' title='bbox 441 964 470 975; x_wconf 81' lang='lat' dir='ltr'>nec</span> <span class='ocrx_word' id='word_1_189' title='bbox 478 964 495 975; x_wconf 89' lang='lat' dir='ltr'>se</span> <span class='ocrx_word' id='word_1_190' title='bbox 502 959 577 975; x_wconf 79' lang='lat' dir='ltr'>mortalia</span> <span class='ocrx_word' id='word_1_191' title='bbox 585 959 651 975; x_wconf 83' lang='lat' dir='ltr'>demens</span> 
     </span>
     <span class='ocr_line' id='line_1_26' title="bbox 228 984 631 1005; baseline 0 -5"><span class='ocrx_word' id='word_1_192' title='bbox 228 984 244 1000; x_wconf 91' lang='lat' dir='ltr'>D</span> <span class='ocrx_word' id='word_1_193' title='bbox 266 984 301 1000; x_wconf 80' lang='lat' dir='ltr'>Ora</span> <span class='ocrx_word' id='word_1_194' title='bbox 309 984 364 1000; x_wconf 83' lang='lat' dir='ltr'>videre</span> <span class='ocrx_word' id='word_1_195' title='bbox 371 987 423 1005; x_wconf 82' lang='lat' dir='ltr'>putat,</span> <span class='ocrx_word' id='word_1_196' title='bbox 431 989 460 1000; x_wconf 86' lang='lat' dir='ltr'>nec</span> <span class='ocrx_word' id='word_1_197' title='bbox 469 989 486 1001; x_wconf 82' lang='lat' dir='ltr'>se</span> <span class='ocrx_word' id='word_1_198' title='bbox 494 984 563 1000; x_wconf 76' lang='lat' dir='ltr'>declinat</span> <span class='ocrx_word' id='word_1_199' title='bbox 571 984 591 1000; x_wconf 83' lang='lat' dir='ltr'>ab</span> <span class='ocrx_word' id='word_1_200' title='bbox 599 984 631 1000; x_wconf 87' lang='lat' dir='ltr'>illo.</span> 
     </span>
    </p>
   </div>
   <div class='ocr_carea' id='block_1_10' title="bbox 226 1035 684 1082">
    <p class='ocr_par' dir='ltr' id='par_1_10' title="bbox 226 1035 684 1082">
     <span class='ocr_line' id='line_1_27' title="bbox 267 1035 675 1057; baseline 0 -5"><span class='ocrx_word' id='word_1_201' title='bbox 267 1035 276 1043; x_wconf 82' lang='lat'><em>“</em></span> <span class='ocrx_word' id='word_1_202' title='bbox 282 1035 326 1056; x_wconf 82' lang='lat' dir='ltr'>Quid</span> <span class='ocrx_word' id='word_1_203' title='bbox 335 1036 400 1055; x_wconf 65' lang='lat' dir='ltr'>faciam,</span> <span class='ocrx_word' id='word_1_204' title='bbox 408 1036 464 1052; x_wconf 82' lang='lat' dir='ltr'>video:</span> <span class='ocrx_word' id='word_1_205' title='bbox 472 1041 501 1052; x_wconf 80' lang='lat' dir='ltr'>nec</span> <span class='ocrx_word' id='word_1_206' title='bbox 509 1041 535 1052; x_wconf 90' lang='lat' dir='ltr'>me</span> <span class='ocrx_word' id='word_1_207' title='bbox 542 1036 634 1057; x_wconf 82' lang='lat' dir='ltr'>ignorantia</span> <span class='ocrx_word' id='word_1_208' title='bbox 641 1036 675 1052; x_wconf 86' lang='lat' dir='ltr'>veri</span> 
     </span>
     <span class='ocr_line' id='line_1_28' title="bbox 226 1061 684 1082; baseline 0.002 -5"><span class='ocrx_word' id='word_1_209' title='bbox 226 1061 244 1077; x_wconf 92' lang='lat' dir='ltr'>K</span> <span class='ocrx_word' id='word_1_210' title='bbox 265 1061 344 1082; x_wconf 74' lang='lat' dir='ltr'>Decipiet,</span> <span class='ocrx_word' id='word_1_211' title='bbox 353 1062 381 1078; x_wconf 84' lang='lat' dir='ltr'>sed</span> <span class='ocrx_word' id='word_1_212' title='bbox 390 1067 440 1078; x_wconf 83' lang='lat' dir='ltr'>amor.</span> <span class='ocrx_word' id='word_1_213' title='bbox 450 1062 535 1078; x_wconf 76' lang='lat' dir='ltr'>servabere</span> <span class='ocrx_word' id='word_1_214' title='bbox 544 1067 611 1078; x_wconf 78' lang='lat' dir='ltr'>munere</span> <span class='ocrx_word' id='word_1_215' title='bbox 619 1064 684 1078; x_wconf 71' lang='lat' dir='ltr'>nostro:</span> 
     </span>
    </p>
   </div>
   <div class='ocr_carea' id='block_1_11' title="bbox 439 1120 448 1137">
    <p class='ocr_par' dir='ltr' id='par_1_11' title="bbox 439 1120 448 1137">
     <span class='ocr_line' id='line_1_29' title="bbox 439 1120 448 1137; baseline 0 0"><span class='ocrx_word' id='word_1_216' title='bbox 439 1120 448 1137; x_wconf 83' lang='lat'><strong>5</strong></span> 
     </span>
    </p>
   </div>
   <div class='ocr_carea' id='block_1_12' title="bbox 121 1151 551 1197">
    <p class='ocr_par' dir='ltr' id='par_1_12' title="bbox 121 1151 551 1197">
     <span class='ocr_line' id='line_1_30' title="bbox 121 1151 551 1171; baseline 0 -4"><span class='ocrx_word' id='word_1_217' title='bbox 121 1151 179 1171; x_wconf 59' lang='lat' dir='ltr'>Cliyes,</span> <span class='ocrx_word' id='word_1_218' title='bbox 190 1151 221 1171; x_wconf 81' lang='lat'>603</span> <span class='ocrx_word' id='word_1_219' title='bbox 290 1151 307 1168; x_wconf 91' lang='lat' dir='ltr'>Si</span> <span class='ocrx_word' id='word_1_220' title='bbox 315 1157 332 1168; x_wconf 87' lang='lat' dir='ltr'>se</span> <span class='ocrx_word' id='word_1_221' title='bbox 338 1151 372 1168; x_wconf 83' lang='lat' dir='ltr'>cele</span> <span class='ocrx_word' id='word_1_222' title='bbox 379 1154 395 1168; x_wconf 82' lang='lat' dir='ltr'>et</span> <span class='ocrx_word' id='word_1_223' title='bbox 402 1156 460 1168; x_wconf 82' lang='lat' dir='ltr'>cuevre</span> <span class='ocrx_word' id='word_1_224' title='bbox 467 1152 551 1171; x_wconf 73' lang='lat' dir='ltr'>chascuns,</span> 
     </span>
     <span class='ocr_line' id='line_1_31' title="bbox 288 1176 549 1197; baseline 0 -4"><span class='ocrx_word' id='word_1_225' title='bbox 288 1176 325 1197; x_wconf 81' lang='lat' dir='ltr'>Que</span> <span class='ocrx_word' id='word_1_226' title='bbox 333 1177 344 1193; x_wconf 83' lang='lat' dir='ltr'>il</span> <span class='ocrx_word' id='word_1_227' title='bbox 352 1177 374 1193; x_wconf 73' lang='lat' dir='ltr'>n&#39;i</span> <span class='ocrx_word' id='word_1_228' title='bbox 382 1180 417 1197; x_wconf 82' lang='lat' dir='ltr'>pert</span> <span class='ocrx_word' id='word_1_229' title='bbox 426 1176 474 1193; x_wconf 87' lang='lat' dir='ltr'>flame</span> <span class='ocrx_word' id='word_1_230' title='bbox 482 1182 502 1193; x_wconf 86' lang='lat' dir='ltr'>ne</span> <span class='ocrx_word' id='word_1_231' title='bbox 511 1177 549 1193; x_wconf 72' lang='lat' dir='ltr'>funs</span> 
     </span>
    </p>
   </div>
  </div>
 </body>
</html>
